@article{weigel2015extended,
  title={Extended phase graphs: dephasing, RF pulses, and echoes-pure and simple},
  author={Weigel, Matthias},
  journal={Journal of Magnetic Resonance Imaging},
  volume={41},
  number={2},
  pages={266--295},
  year={2015},
  publisher={Wiley Online Library}
}


@article{leupold2017steady,
  title={Steady-state free precession signals of arbitrary dephasing order and their sensitivity to T2*},
  author={Leupold, Jochen},
  journal={Concepts in Magnetic Resonance Part A},
  volume={46},
  number={1},
  pages={e21435},
  year={2017},
  publisher={Wiley Online Library}
}

@article{zur1988analysis,
  title={An analysis of fast imaging sequences with steady-state transverse magnetization refocusing},
  author={Zur, Yuval and Stokar, Saul and Bendel, Peter},
  journal={Magnetic resonance in medicine},
  volume={6},
  number={2},
  pages={175--193},
  year={1988},
  publisher={Wiley Online Library}
}

@article{hennig1991echoes,
  title={Echoesâ€”how to generate, recognize, use or avoid them in MR-imaging sequences. Part II: Echoes in imaging sequences},
  author={Hennig, J{\"u}rgen},
  journal={Concepts in Magnetic Resonance},
  volume={3},
  number={4},
  pages={179--192},
  year={1991},
  publisher={Wiley Online Library}
}

@article{sobol1996stationary,
  title={On the stationary states in gradient echo imaging},
  author={Sobol, Wlad T and Gauntt, David M},
  journal={Journal of Magnetic Resonance Imaging},
  volume={6},
  number={2},
  pages={384--398},
  year={1996},
  publisher={Wiley Online Library}
}

@article{scheffler1999pictorial,
  title={A pictorial description of steady-states in rapid magnetic resonance imaging},
  author={Scheffler, Klaus},
  journal={Concepts in Magnetic Resonance: An Educational Journal},
  volume={11},
  number={5},
  pages={291--304},
  year={1999},
  publisher={Wiley Online Library}
}

@article{lee2009improved,
  title={Improved shim method based on the minimization of the maximum off-resonance frequency for balanced steady-state free precession (bSSFP)},
  author={Lee, Jongho and Lustig, Michael and Kim, Dong-hyun and Pauly, John M},
  journal={Magnetic Resonance in Medicine: An Official Journal of the International Society for Magnetic Resonance in Medicine},
  volume={61},
  number={6},
  pages={1500--1506},
  year={2009},
  publisher={Wiley Online Library}
}

@article{bangerter2004analysis,
  title={Analysis of multiple-acquisition SSFP},
  author={Bangerter, Neal K and Hargreaves, Brian A and Vasanawala, Shreyas S and Pauly, John M and Gold, Garry E and Nishimura, Dwight G},
  journal={Magnetic Resonance in Medicine: An Official Journal of the International Society for Magnetic Resonance in Medicine},
  volume={51},
  number={5},
  pages={1038--1047},
  year={2004},
  publisher={Wiley Online Library}
}

@article{vasanawala2000linear,
  title={Linear combination steady-state free precession MRI},
  author={Vasanawala, Shreyas S and Pauly, John M and Nishimura, Dwight G},
  journal={Magnetic Resonance in Medicine: An Official Journal of the International Society for Magnetic Resonance in Medicine},
  volume={43},
  number={1},
  pages={82--90},
  year={2000},
  publisher={Wiley Online Library}
}

@inproceedings{bangerter2002snr,
  title={SNR analysis of multiple acquisition SSFP},
  author={Bangerter, NK and Vasanawala, SS and Nishimura, DG},
  booktitle={Proceedings of the 10th Annual Meeting of ISMRM, Honolulu},
  volume={475},
  year={2002}
}

@article{elliott2007nonlinear,
  title={Nonlinear averaging reconstruction method for phase-cycle SSFP},
  author={Elliott, Andrew M and Bernstein, Matt A and Ward, Heidi A and Lane, John and Witte, Robert J},
  journal={Magnetic resonance imaging},
  volume={25},
  number={3},
  pages={359--364},
  year={2007},
  publisher={Elsevier}
}

@article{xiang2014banding,
  title={Banding artifact removal for bSSFP imaging with an elliptical signal model},
  author={Xiang, Qing-San and Hoff, Michael N},
  journal={Magnetic resonance in medicine},
  volume={71},
  number={3},
  pages={927--933},
  year={2014},
  publisher={Wiley Online Library}
}